@book{pouriya,
      title={Experimental relativistic zero-knowledge proofs}, 
      author={Pouriya Alikhani and Nicolas Brunner and Claude Crépeau and Sébastien Designolle and Raphaël Houlmann and Weixu Shi and Hugo Zbinden},
      publisher={Accpeted to Nature to appear in 2021}
}

@inproceedings{Alex,
author = {Krizhevsky, Alex and Sutskever, Ilya and Hinton, Geoffrey E.},
title = {ImageNet Classification with Deep Convolutional Neural Networks},
year = {2012},
publisher = {Curran Associates Inc.},
address = {Red Hook, NY, USA},
booktitle = {Proceedings of the 25th International Conference on Neural Information Processing Systems - Volume 1},
pages = {1097–1105},
numpages = {9},
location = {Lake Tahoe, Nevada},
series = {NIPS'12}
}

@misc{
akbiyik,
title={Data Augmentation in Training CNNs: Injecting Noise to Images},
author={Murtaza Eren Akbiyik},
year={2020},
url={https://openreview.net/forum?id=SkeKtyHYPS}
}